@online{bloomberg,
title={How to Build an Oscar Winner},
author={Meisler, Laurie and Romero, Yvette and Collins, Keith and Pearce, Adam},
year={2015},
url={http://www.bloomberg.com/graphics/2015-oscar-winners/}
}
@online{fivethirtyeight,
title={FiveThirtyEightâ€™s Guide To Predicting The Oscars},
author={Hickey, Walt},
year={2016},
url={http://fivethirtyeight.com/features/fivethirtyeights-guide-to-predicting-the-oscars/}
}
@online{wikibestdirector,
title={List of directors with two or more Academy Awards for Best Director},
author={Wikipedia},
url={https://en.wikipedia.org/wiki/List_of_directors_with_two_or_more_Academy_Awards_for_Best_Director}
}
